%% Stacks.tex doesn't actually call this file. BibTeX is used to uniformize
%% the bibliography, then the contents of Stacks.bbl are pasted into
%% StacksBibliography.tex (after slight modifications)

 @book {EGA,
     AUTHOR = {Grothendieck, Alexander and Dieudonn\'e, Jean-Alexandre-Eug\`ene},
      TITLE = {\'{E}l\'ements de g\'eom\'etrie alg\'ebrique.},
       NOTE = {Institut des Hautes \'Etudes Scientifiques. Publications Math\'ematiques},
   FJOURNAL = {Institut des Hautes \'Etudes Scientifiques. Publications Math\'ematiques},
     NUMBER = {4, 8, 11, 17, 20, 24, 28, and 32},
       YEAR = {1960-1967},
       ISSN = {0073-8301},
    MRCLASS = {14.55},
 }

 @article {Raynaud-Gruson,
     AUTHOR = {Raynaud, Michel and Gruson, Laurent},
      TITLE = {Crit\`eres de platitude et de projectivit\'e. {T}echniques de
               ``platification'' d'un module},
    JOURNAL = {Inventiones Mathematicae},
   FJOURNAL = {Inventiones Mathematicae},
     VOLUME = {13},
       YEAR = {1971},
      PAGES = {1--89},
       ISSN = {0020-9910},
    MRCLASS = {14A15 (13C10)},
   MRNUMBER = {MR0308104 (46 \#7219)},
 MRREVIEWER = {M. Maruyama},
 }

 @book {Hartshorne,
     AUTHOR = {Hartshorne, Robin},
      TITLE = {Algebraic geometry},
       NOTE = {Graduate Texts in Mathematics, No. 52},
  PUBLISHER = {Springer-Verlag},
    ADDRESS = {New York},
       YEAR = {1977},
      PAGES = {xvi+496},
       ISBN = {0-387-90244-9},
    MRCLASS = {14-01},
   MRNUMBER = {MR0463157 (57 \#3116)},
 MRREVIEWER = {Robert Speiser},
 }

 @book {Knutson,
     AUTHOR = {Knutson, Donald},
      TITLE = {Algebraic spaces},
       NOTE = {Lecture Notes in Mathematics, Vol. 203},
  PUBLISHER = {Springer-Verlag},
    ADDRESS = {Berlin},
       YEAR = {1971},
      PAGES = {vi+261},
    MRCLASS = {14A20 (13J15 14F20)},
   MRNUMBER = {MR0302647 (46 \#1791)},
 MRREVIEWER = {H. Kurke},
 }

 @book {SGA,
     AUTHOR = {Grothendieck, Alexander and
               Raynaud, Mich\`ele and
               Demazure, Michel and
               Artin, Michael and
               Verdier, Jean-Louis and
               Deligne, Pierre and
               Berthelot, Pierre and
               Illusie, Luc and
               Katz, Nicholas},
      TITLE = {S\'eminaire de G\'eom\'etrie Alg\'ebrique du Bois-Marie},
       NOTE = {Lecture Notes in Mathematics, Vols.
               151, 152, 153, 224, 225, 269, 270, 288, 305, 340, 569, and 589},
  PUBLISHER = {Springer-Verlag},
    ADDRESS = {Berlin},
       YEAR = {1970-1973},
 }

@book {Lang:Algebra,
    AUTHOR = {Lang, Serge},
     TITLE = {Algebra},
    SERIES = {Graduate Texts in Mathematics},
    VOLUME = {211},
   EDITION = {third},
 PUBLISHER = {Springer-Verlag},
   ADDRESS = {New York},
      YEAR = {2002},
     PAGES = {xvi+914},
      ISBN = {0-387-95385-X},
   MRCLASS = {00A05 (15-02)},
  MRNUMBER = {MR1878556 (2003e:00003)},
}

@book {FGAex,
    AUTHOR = {Fantechi, Barbara and G{\"o}ttsche, Lothar and Illusie, Luc
              and Kleiman, Steven L. and Nitsure, Nitin and Vistoli, Angelo},
     TITLE = {Fundamental algebraic geometry},
    SERIES = {Mathematical Surveys and Monographs},
    VOLUME = {123},
      NOTE = {Grothendieck's FGA explained},
 PUBLISHER = {American Mathematical Society},
   ADDRESS = {Providence, RI},
      YEAR = {2005},
     PAGES = {x+339},
      ISBN = {0-8218-3541-6},
   MRCLASS = {14-06},
  MRNUMBER = {MR2222646},
}

@incollection {Vistoli,
    AUTHOR = {Vistoli, Angelo},
     TITLE = {Grothendieck topologies, fibered categories and descent
              theory},
 BOOKTITLE = {Fundamental algebraic geometry},
    SERIES = {Math. Surveys Monogr.},
    VOLUME = {123},
     PAGES = {1--104},
 PUBLISHER = {Amer. Math. Soc.},
   ADDRESS = {Providence, RI},
      YEAR = {2005},
   MRCLASS = {14F20 (14A20)},
  MRNUMBER = {MR2223406},
      NOTE = {http://arxiv.org/abs/math.AG/0412512. This appears as the first part of \ref{FGAex}.},
}

@article {Keel-Mori,
    AUTHOR = {Keel, Se{\'a}n and Mori, Shigefumi},
     TITLE = {Quotients by groupoids},
   JOURNAL = {Ann. of Math. (2)},
  FJOURNAL = {Annals of Mathematics. Second Series},
    VOLUME = {145},
      YEAR = {1997},
    NUMBER = {1},
     PAGES = {193--213},
      ISSN = {0003-486X},
     CODEN = {ANMAAH},
   MRCLASS = {14D25 (14L30)},
  MRNUMBER = {MR1432041 (97m:14014)},
MRREVIEWER = {Andrzej Bia{\l}ynicki-Birula},
}

@Unpublished{Conrad,
author = {Conrad, Brian},
title = {The {K}eel-{M}ori theorem via stacks},
note = {Available at \url{www.math.lsa.umich.edu/~bdconrad/}},
}

@book {Atiyah-Macdonald,
    AUTHOR = {Atiyah, M. F. and Macdonald, I. G.},
     TITLE = {Introduction to commutative algebra},
 PUBLISHER = {Addison-Wesley Publishing Co., Reading, Mass.-London-Don
              Mills, Ont.},
      YEAR = {1969},
     PAGES = {ix+128},
   MRCLASS = {13.00},
  MRNUMBER = {MR0242802 (39 \#4129)},
MRREVIEWER = {J. A. Johnson},
}